@TechReport{courcelle2022using,
  title={On using SAT solvers for graph computations},
  author={Courcelle, B and Durand, Ir{\`e}ne A},
  institution = {Hal science},
  number = {hal-03668884},
  url = {https://hal.science/hal-03668884/document},
  year={2022}
}

